@book{Welzel_2013,
	doi = {10.1017/cbo9781139540919},
	url = {https://doi.org/10.1017%2Fcbo9781139540919},
	year = 2013,
	publisher = {Cambridge University Press},
	author = {Christian Welzel},
	title = {Freedom Rising}
}

@incollection{Welzel_1993,
	doi = {10.1007/978-3-322-91974-8_2},
	url = {https://doi.org/10.1007%2F978-3-322-91974-8_2},
	year = 1993,
	publisher = {Vieweg$\mathplus$Teubner Verlag},
	pages = {22--73},
	author = {Peter Welzel},
	title = {Physikalische und technische Grundlagen},
	booktitle = {Datenfernübertragung}
}

@misc{Inglehart,
	doi = {10.4337/9781849801973.00019},
	url = {https://doi.org/10.4337%2F9781849801973.00019},
	publisher = {Edward Elgar Publishing},
	author = {Ronald Inglehart},
	title = {Democracy and Happiness: What Causes What?}
}

