%HAS TO BE EDITED
@book{rahim2013muslim,
  title={Muslim secular democracy: voices from within},
  author={Rahim, L},
  year={2013},
  publisher={Springer}
}


@online{afro,
	author = {Afrobarometer},
	title = {Merged Data, Rounds 5 and 6},
	year = {2011-2015},
	url = {http://www.afrobarometer.org/data/merged-data}
}


@online{asian,
	title= {Waves 3 and 4},
	author={{Asian Barometer}},
	year={2010-2012/2014-2015},
	url={http://www.asianbarometer.org/data}
}

@online{americas,
	title={Data sets from the years 2010, 2012 and 2014},
	author={AmericasBarometer},
	year={2010/2012/2014},
	url={https://www.vanderbilt.edu/lapop/raw-data.php}
}

@article{hu1999cutoff,
	title={Cutoff criteria for fit indexes in covariance structure analysis: Conventional criteria versus new alternatives},
	author={Hu, Litze and Bentler, Peter M.},
	journal={Structural equation modeling: a multidisciplinary journal},
	volume={6},
	number={1},
	pages={1--55},
	year={1999},
	publisher={Taylor \& Francis}
}

@book{urban2013strukturgleichungsmodellierung,
	title={Strukturgleichungsmodellierung: ein Ratgeber f{\"u}r die Praxis},
	author={Urban, Dieter and Mayerl, Jochen},
	year={2013},
	publisher={Springer-Verlag}
}


@online{european,
	title={Round 6},
	author={{European Social Survey}},
	year={2012},
	url={http://www.europeansocialsurvey.org/data/round-index.html}
}


@online{latino,
	title={Data sets from the years 2013/2015 },
	author={Latinobarómetro},
	year={2013/2015},
	url={http://www.latinobarometro.org/latContents.jsp}
}



@online{world,
	title={Round 6},
	author={{World Value Survey}},
	year={2010-2014},
	url={http://www.worldvaluessurvey.org/WVSDocumentationWV6.jsp}
}



@article{teorell2017qog,
	title={ The Quality of Government Standard Dataset, version Jan17},
	author={ Teorell, Jan, Dahlberg, Stefan and Holmberg, Sören and Rothstein, Bo and Khomenko, Anna and Svensson, Richard},
	year={2017},
	url= {http://www.qog.pol.gu.se}
}

@article{coppedge2017vdata,
	title={V-Dem Country-Year Data, Version 7.1},
	author={Coppedge, Michael and Gerring, John and Lindberg, Staffan I. and Skaaning, Svend-Erik and Teorell, Jan and Altman, David, and Bernhard, Michael and Fish, M Steven and Glynn, Adam and Hicken, Allen and Knutsen, Carl Henrik and Krusell, Joshua and Lührmann, Anna and Marquardt, Kyle L. and McMann, Kelly and Mechkova, Valeriya and Olin, Moa and Paxton, Pamela and Pemstein, Daniel and Pernes, Josefine and Petrarca, Constanza Sanhueza and von Römer, Johannes and Saxer, Laura and Sein, Brigitte and Sigman, Rachel and Staton, Jeffrey and Stepanova, Natalia and Wilson, Steven},
	year={2017},
	url={ https://www.v-dem.net/en/data/data-version-7-1/},
	journal={Varieties of Democracy (V-Dem) Project}
	
}

@article{truex2017consultative,
	author = {Rory Truex},
	title = {Consultative Authoritarianism and Its Limits},
	journal = {Comparative Political Studies},
	volume = {50},
	number = {3},
	pages = {329-361},
	year = {2017},
}

@article{ jayasuriya2007more,
	author = { Kanishka   Jayasuriya  and  Garry   Rodan },
	title = {Beyond Hybrid Regimes: More Participation, Less Contestation in Southeast Asia},
	journal = {Democratization},
	volume = {14},
	number = {5},
	pages = {773-794},
	year  = {2007},
}


@article{alesina2003fractionalization,
	title={Fractionalization},
	author={Alesina, Alberto and Devleeschauwer, Arnaud and Easterly, William and Kurlat, Sergio and Wacziarg, Romain},
	journal={Journal of Economic growth},
	volume={8},
	number={2},
	pages={155--194},
	year={2003},
}

@article{bachtiger2010disentangling,
	title={Disentangling diversity in deliberative democracy: Competing theories, their blind spots and complementarities},
	author={B{\"a}chtiger, Andr{\'e} and Niemeyer, Simon and Neblo, Michael and Steenbergen, Marco R and Steiner, J{\"u}rg},
	journal={Journal of Political Philosophy},
	volume={18},
	number={1},
	pages={32--63},
	year={2010},
}

@article{bachtiger2013empirische,
	title={Empirische Deliberationsforschung--eine systematische {\"U}bersicht},
	author={B{\"a}chtiger, Andr{\'e} and Wyss, Dominik},
	journal={Zeitschrift f{\"u}r vergleichende Politikwissenschaft},
	volume={7},
	number={2},
	pages={155--181},
	year={2013},
}


@incollection{cohen2003deliberation,
	author      = {Cohen, Joshua},
	title       = {Deliberation and Democratic Legitimacy},
	editor      = {\textmd{Matravers, Derek and Pike, Jonathan}},
	booktitle   = {Debates in contemporary political philosophy: An Anthology},
	publisher   = {Routledge},
	address     = {London and New York},
	year        = {2003},
	pages       = {342-360}
}

@article{coppedge2017vmethod,
	title={V-Dem Methodology, Version7.1},
	author={Coppedge, Michael and Gerring, John and Lindberg, Staffan I. and Skaaning, Svend-Erik and Teorell, Jan and Krusell, Joshua and Marquardt, Kyle L. and Mechkova, Valeriya and Pemstein, Daniel and Pernes, Josefine and Saxer, Laura and Stepanova, Natalia and Tzelgov, Eitan and Wang, Yi-ting and Wilson, Steven},
	year={2017},
	journal={Varieties of Democracy (V-Dem) Project}
}

@article{coppedge2011conceptualizing,
	title={Conceptualizing and measuring democracy: A new approach},
	author={Coppedge, Michael and Gerring, John and Altman, David and Bernhard, Michael and Fish, Steven and Hicken, Allen and Kroenig, Matthew and Lindberg, Staffan I. and McMann, Kelly and Paxton, Pamela and Semetko, Holli A. and Skaaning, Svend-Erik and Staton, Jeffrey and Teorell,Jan},
	journal={Perspectives on Politics},
	volume={9},
	number={2},
	pages={247--267},
	year={2011},
}

@article{coppedge2015measuring,
	author = {Michael Coppedge and Staffan Lindberg and Svend-Erik Skaaning and Jan Teorell},
	title = {Measuring high level democratic principles using the V-Dem data},
	journal = {International Political Science Review},
	volume = {37},
	number = {5},
	pages = {580-593},
	year = {2016},
}

@book{dryzek2000deliberative,
	title={Deliberative Democracy and Beyond: Liberals, Critics, Contestations},
	author={Dryzek, John S.},
	year={2000},
	publisher={Oxford University Press}
}

@article{dryzek2009democratization,
	author = {John S. Dryzek},
	title = {Democratization as Deliberative Capacity Building},
	journal = {Comparative Political Studies},
	volume = {42},
	number = {11},
	pages = {1379-1402},
	year = {2009},
}

@book{fishkin2009people,
	title={When the People Speak: Deliberative Democracy and Public Consultation},
	author={Fishkin, J.},
	year={2009},
	publisher={Oxford University Press}
}

@article{fishkin2010deliberative, 
	title={Deliberative Democracy in an Unlikely Place: Deliberative Polling in China}, volume={40}, number={2}, journal={British Journal of Political Science}, author={Fishkin, James S. and He, Baogang and Luskin, Robert C. and Siu, Alice}, year={2010}, pages={435–448}}
@article{foa2016democratic,
	title={The democratic disconnect},
	author={Foa, Roberto Stefan and Mounk, Yascha},
	journal={Journal of Democracy},
	volume={27},
	number={3},
	pages={5--17},
	year={2016},
}

@book{fh2017freedom,
	title={ Freedom in the World 2017},
	author={{Freedom House}},
	year={2017},
	publisher={New York},
	url={ https://freedomhouse.org/report/freedom-world/freedom-world-2017}
}


@article{gerschewski2013pillars,
	author = {Gerschewski, Johannes},
	title = {The three pillars of stability: legitimation, repression, and co-optation in autocratic regimes},
	journal = {Democratization},
	volume = {20},
	number = {1},
	pages = {13-38},
	year  = {2013},
}

@article{gleditsch2002expanded,
	title={Expanded trade and GDP data},
	author={Gleditsch, Kristian Skrede},
	journal={Journal of Conflict Resolution},
	volume={46},
	number={5},
	pages={712--724},
	year={2002},
}

@article{gronlund2010deliberation, title={Deliberation and civic virtue: lessons from a citizen deliberation experiment}, volume={2}, number={1}, journal={European Political Science Review}, author={Grönlund, Kimmo and Setälä, Maija and Herne, Kaisa}, year={2010}, pages={95–117}}

@book{habermas1982theorie,
	title={ Theorie des kommunikativen Handelns. Band I: Handlungsrationalität und gesellschaftliche Rationalisierung},
	author={Habermas, J{\"u}rgen},
	year={1982},
	edition = {2},
	publisher={Frankfurt am Main: Suhrkamp}
}

@article{habermas1994three,
	title={Three normative models of democracy},
	author={Habermas, J{\"u}rgen},
	journal={Constellations},
	volume={1},
	number={1},
	pages={1--10},
	year={1994},
}

@article{he2014deliberative,
	author = {Baogang He},
	title = {Deliberative Culture and Politics: The Persistence of Authoritarian Deliberation in China},
	journal = {Political Theory},
	volume = {42},
	number = {1},
	pages = {58-81},
	year = {2014},
}

@article{he2010giving,
	author = { Baogang   He  and  Stig   Thøgersen },
	title = {Giving the People a Voice? Experiments with consultative authoritarian institutions in China},
	journal = {Journal of Contemporary China},
	volume = {19},
	number = {66},
	pages = {675-692},
	year  = {2010}
}

@article{he2011authoritarian, title={Authoritarian Deliberation: The Deliberative Turn in Chinese Political Development}, volume={9}, number={2}, journal={Perspectives on Politics}, author={He, Baogang and Warren, Mark E.}, year={2011}, pages={269–289}}
@article{lafont2017democracy,
	author = {Cristina Lafont},
	title = {Can Democracy be Deliberative \& Participatory? The Democratic Case for Political Uses of Mini-Publics},
	journal = {Daedalus},
	volume = {146},
	number = {3},
	pages = {85-105},
	year = {2017},
}

@article{mansbridge2010place,
	title = {The place of self-interest and the role of power in deliberative democracy},
	author = {Jane Mansbridge and James Bohman and Simone Chambers and David Estlund and Andreas Føllesdal and Archon Fung and Cristina Lafont and Bernard Manin and Martí, {José Luis}},
	year = {2010},
	volume = {18},
	pages = {64--100},
	journal = {Journal of Political Philosophy},
	number = {1}}

@article {markovits2006trouble,
	author = {Markovits, Elizabeth},
	title = {The Trouble with Being Earnest: Deliberative Democracy and the Sincerity Norm},
	journal = {Journal of Political Philosophy},
	volume = {14},
	number = {3},
	pages = {249--269},
	year = {2006},
}

@article {niemeyer2007ends,
	author = {Niemeyer, Simon and Dryzek, John S.},
	title = {The Ends of Deliberation: Meta-consensus and Inter-subjective Rationality as Ideal Outcomes},
	journal = {Swiss Political Science Review},
	volume = {13},
	number = {4},
	year = {2007},
}

@article{sanders1997against,
	title={Against deliberation},
	author={Sanders, Lynn M.},
	journal={Political theory},
	volume={25},
	number={3},
	pages={347--376},
	year={1997},
}

@book{steiner2004deliberative,
	title={Deliberative politics in action: Analyzing parliamentary discourse},
	author={Steiner, J{\"u}rg and B{\"a}chtiger, Andr{\'e} and Sp{\"o}rndli, Markus and Steenbergen, Marco R},
	year={2004},
	publisher={Cambridge University Press}
}

@article{warren2015can,
	title={Can deliberative minipublics address the cognitive challenges of democratic citizenship?},
	author={Warren, Mark E and Gastil, John},
	journal={The Journal of Politics},
	volume={77},
	number={2},
	pages={562--574},
	year={2015},
}

@incollection{welzel2015assertive,
	author      = {Welzel, Christian and Dalton, Russell J.},
	title       = {From allegiant to assertive citizen},
	editor      = {\textmd{Dalton, Russell J and Welzel, Christian}},
	booktitle   = {The Civic Culture Transformed: From Allegiant to Assertive Citizens },
	publisher   = {Cambridge University Press},
	year        = {2015},
	pages       = {282-306}
}



%rosa new

@article{preacher2010general,
	title={A general multilevel SEM framework for assessing multilevel mediation.},
	author={Preacher, Kristopher J and Zyphur, Michael J and Zhang, Zhen},
	journal={Psychological methods},
	volume={15},
	number={3},
	pages={209--233},
	year={2010},
	publisher={American Psychological Association}
}

@article{ryu2014model,
	title={Model fit evaluation in multilevel structural equation models},
	author={Ryu, Ehri},
	journal={Frontiers in psychology},
	volume={5},
	year={2014},
	note={Published Online: Frontiers Media SA}
}

@article{hsu2017impact,
	title={The impact of intraclass correlation on the effectiveness of level-specific fit indices in multilevel structural equation modeling: A Monte Carlo study},
	author={Hsu, Hsien-Yuan and Lin, Jr-Hung and Kwok, Oi-Man and Acosta, Sandra and Willson, Victor},
	journal={Educational and Psychological Measurement},
	volume={77},
	number={1},
	pages={5--31},
	year={2017},
	publisher={SAGE Publications Sage CA: Los Angeles, CA}
}

@article{coppedge2017v,
	title={V-Dem Codebook V7},
	author={Coppedge, Michael, and Gerring, John and Lindberg, Staffan I. and Skaaning, Svend-Erik and Teorell, Jan and Altman, David and Bernhard, Michael and Fish, M. Steven and Glynn, Adam and Hicken, Allen and Knutsen, Carl Henrik and Marquardt, Kyle L. and McMann, Kelly and Mechkova, Valeriya and Paxton, Pamela and Pemstein, Daniel and  Saxer, Laura and Seim, Brigitte and Sigman, Rachel and Jeffrey Staton},
	year={2017},
	journal={Varieties of Democracy (V-Dem) Project}
}

@article{tannenberg2017autocratic,
	title={The Autocratic Trust Bias: Politically Sensitive Survey Items and Self-censorship},
	author={Tannenberg, Marcus},
		journal={Varieties of Democracy Institute: Working Paper},
		number={49},
		pages={1--31},
		publisher={University of Gothenburg},
	year={2017}
}

@inproceedings{park2010people,
	title={How people view and value democracy in East Asia},
	author={Park, Chong-Min and Chu, Yun-han and Chang, Yu-tzung},
	booktitle={a Global Barometer Surveys Conference on How People View and value Democracy hosted by the Institute of Political Science of Academia Sinica, Taipei},
	year={2010}
}

@book{kuran1997private,
	title={Private truths, public lies: The social consequences of preference falsification},
	author={Kuran, Timur},
	year={1997},
	publisher={Harvard University Press}
}

@article{krumpal2013determinants,
	title={Determinants of social desirability bias in sensitive surveys: a literature review},
	author={Krumpal, Ivar},
	journal={Quality \& Quantity},
	volume={47},
	number={4},
	pages={2025--2047},
	year={2013},
	publisher={Springer}
}

@book{AlmondVerba:1963,
	address = {Princeton, NJ},
	author = {Almond, Gabriel A. and Verba, Sidney},
	booktitle = {The Civic Culture: Political Attitudes and Democracy in Five Nations},
	publisher = {Princeton University Press},
	title = {The civic culture: Political attitudes and democracy in five nations},
	year = {1963}
}



@article{listhaug2009institutional,
	title={Institutional variation and political support: An analysis of CSES data from 29 countries},
	author={Listhaug, Ola and Aardal, Bernt and Ellis, Ingunn Opheim},
	journal={The comparative study of electoral systems},
	pages={311--332},
	year={2009},
	publisher={Oxford University Press Oxford}
}

@article{ehin2007political,
	title={Political support in the baltic states, 1993--2004},
	author={Ehin, Piret},
	journal={Journal of Baltic Studies},
	volume={38},
	number={1},
	pages={1--20},
	year={2007},
	publisher={Taylor \& Francis}
}

@book{kornberg1992citizens,
	title={Citizens and community: Political support in a representative democracy},
	author={Kornberg, Allan and Clarke, Harold D.},
	year={1992},
	publisher={Cambridge University Press}
}



@article{chen2017local,
	title={Local Distrust and Regime Support: Sources and Effects of Political Trust in China},
	author={Chen, Dan},
	journal={Political Research Quarterly},
	volume={70},
	number={2},
	pages={314--326},
	year={2017},
	publisher={SAGE Publications Sage CA: Los Angeles, CA}
}

@article{yang2010exploring,
	title={Exploring the sources of institutional trust in China: Culture, mobilization, or performance?},
	author={Yang, Qing and Tang, Wenfang},
	journal={Asian Politics \& Policy},
	volume={2},
	number={3},
	pages={415--436},
	year={2010},
	publisher={Wiley Online Library}
}

@incollection{zmerli,
	title={Objects of Political and Social Trust: Scales and Hierarchies},
	author={Zmerli, Sonja and van der Meer, Tom W.G.},
	year={2017},
	editor={\textmd{Sonja Zmerli, Tom W.G. van der Meer}},
	booktitle={Handbook on Political Trust},
	publisher={Edward Elgar Publishing}
}

@book{inglehart1997modernization,
	title={Modernization and postmodernization: Cultural, economic, and political change in 43 societies},
	author={Inglehart, Ronald},
	year={1997},
	publisher={Princeton University Press}
}

@article{putnam2001social,
	title={Social capital: Measurement and consequences},
	author={Putnam, Robert},
	journal={Canadian Journal of Policy Research},
	volume={2},
	number={1},
	pages={41--51},
	year={2001}
}

@incollection{fuchs1998kriterien,
	title={Kriterien demokratischer Performanz in liberalen Demokratien},
	author={Fuchs, Dieter},
	booktitle={Demokratie—eine Kultur des Westens?},
	pages={151--179},
	year={1998},
	publisher={Springer}
}

@incollection{patrick1984political,
	title={Political culture},
	author={Patrick, Glenda M.},
	booktitle={Social science concepts: A systematic analysis},
	pages={265--314},
	editor = {\textmd{Sartori, Giovanni}},
	year={1984},
	publisher={CA Beverly Hills}
}

@incollection{zmerli2004politisches,
	title={Politisches Vertrauen und Unterst{\"u}tzung},
			booktitle={Deutschland in Europa. Wiesbaden},
	author={Zmerli, Sonja},
			  editor      = {\textmd{Van Deth, Jan W}},
			  	pages={229--255},
	year={2004}
}

@incollection{newton1999confidence,
	title={Confidence in Public Institutions: Faith, Culture or Performance?},
		booktitle={Disaffected democracies: What’s Troubling the Trilateral Countries},
	author={Newton, K. and Norris, P},
		  editor = {\textmd{Pharr, S. and Putnam, R.}},
	year={2000},
		pages={55--73},
		editor={\textmd{Dario Castiglione, Jan W. van Deth, and Guglielmo Wolleb}},
	publisher={Princeton, NJ: Princeton University Press}
}

@article{mishler2001origins,
	title={What are the origins of political trust? Testing institutional and cultural theories in post-communist societies},
	author={Mishler, William and Rose, Richard},
	journal={Comparative political studies},
	volume={34},
	number={1},
	pages={30--62},
	year={2001},
	publisher={Sage Publications Thousand Oaks}
}

@incollection{lipset1967,
	booktitle={Sociology; an introduction},
		title={Political Sociology},
	author={Lipset, Seymour Martin},
	  editor      = {\textmd{Smelser, Neil J}},
	  	pages={435--499},
	year={1967},
	publisher={John Wiley \& Sons}
}

@article{lipset1959some,
	title={Some social requisites of democracy: Economic development and political legitimacy},
	author={Lipset, Seymour Martin},
	journal={American political science review},
	volume={53},
	number={1},
	pages={69--105},
	year={1959},
	publisher={Cambridge University Press}
}

@incollection{newton2008trust,
	title={Trust and politics},
	author={Newton, Kenneth},
	booktitle={The Handbook of Social Capital},
	pages={241--272},
	year={2008},
	publisher={Oxford University Press}
}

@incollection{fuchs2002konzept,
	title={Das Konzept der politischen Kultur: Die Fortsetzung einer Kontroverse in konstruktiver Absicht},
	author={Fuchs, Dieter},
	booktitle={B{\"u}rger und Demokratie in Ost und West},
	pages={27--49},
	year={2002},
	publisher={Springer}
}

@article{maukregime,
	title={Regime support and its sources in democracies and autocracies},
	author={Mauk, Marlene},
		year={2017},
			journal={Conference Paper and Talk „The Political Sociology of Trust“},
			note={Annual Conference of European Political Science Association (EPSA)}
}

@incollection{fuchs2007political,
	title={The Political Culture Paradigm},
	author={Fuchs, Dieter},
	year={2007},
		editor      = {\textmd{Russell J. Dalton and Hans‐Dieter Klingemann}},
			booktitle   = {The Oxford Handbook of Political Behavior},
				publisher   = {Oxford University Press},
					pages       = {161--184}
}


@article{easton1975re,
	title={A re-assessment of the concept of political support},
	author={Easton, David},
	journal={British journal of political science},
	volume={5},
	number={4},
	pages={435--457},
	year={1975},
	publisher={Cambridge University Press}
}

@book{easton1965systems,
	title={A systems analysis of political life},
	author={Easton, David},
	year={1965},
	publisher={New York: John Wiley}
}

@book{fuchs1989unterstutzung,
	title={Die Unterst{\"u}tzung des politischen Systems der Bundesrepublik Deutschland},
	author={Fuchs, Dieter},
	year={1989},
	publisher={Springer}
}

@book{inglehart2005modernization,
  title={Modernization, cultural change, and democracy: The human development sequence},
  author={Inglehart, Ronald und Welzel, Christian},
  year={2005},
  publisher={Cambridge University Press}
}

@book{burgat1993islamic,
title={The Islamic Movement in North Africa},
author={Burgat, François and Dowell, William}, 
series={Middle East Monographs},
year={1993},
publisher={Center for Middle Eastern Studies}
}


@book{hox2010multilevel,
  title={Multilevel analysis: Techniques and applications},
  author={Hox, Joop J.},
  year={2010},
  publisher={Routledge}
}

@book{tabachnick2013using,
  title={Using Multivariate Statistics},
  author={Tabachnick, Barbara G and Fidell, Linda S and Osterlind, Steven J},
  year={2013},
  publisher={Pearson Education},
  edition={6, illustrated}
}


@article{steenbergen2002modeling,
  title={Modeling Multilevel Data Structures},
  author={Steenbergen, Marco R and Jones, Bradford S},
  journal={American Journal of Political Science},
    volume={46},
  number={1},
  pages={218--237},
  year={2002},
  publisher={JSTOR}
}

@book{gelman2006data,
  title={Data analysis using regression and multilevel/hierarchical models},
  author={Gelman, Andrew and Hill, Jennifer},
  year={2006},
  publisher={Cambridge University Press}
}

@article{resseguier2011sensitivity,
  title={Sensitivity analysis when data are missing not-at-random},
  author={Resseguier, No{\'e}mie and Giorgi, Roch and Paoletti, Xavier},
  journal={Epidemiology},
  volume={22},
  number={2},
  pages={282-283},
  year={2011},
  publisher={LWW}
}

@book{kabacoff2015r,
  title={R in action: data analysis and graphics with R},
  author={Kabacoff, Robert},
  year={2015},
  publisher={Manning Publications Co.}
}

@book{little2014statistical,
  title={Statistical analysis with missing data},
  author={Little, Roderick JA and Rubin, Donald B},
  year={2014},
  publisher={John Wiley \& Sons}
}

@article{rubin1976inference,
  title={Inference and missing data},
  author={Rubin, Donald B},
  journal={Biometrika},
  pages={581--592},
  year={1976},
  publisher={JSTOR}
}

@article{dalton,
author = {Christian Welzel and Russell Dalton},
title = {Cultural change in Asia and beyond},
journal = {Asian Journal of Comparative Politics},
pages = {1--21},
year = {2016},
}


@article{welzel2016misconceptions,
  title={Misconceptions of measurement equivalence: Time for a paradigm shift},
  author={Welzel, Christian and Inglehart, Ronald F},
  journal={Comparative Political Studies},
  volume={49},
  number={8},
  pages={1068--1094},
  year={2016},
  publisher={SAGE Publications Sage CA: Los Angeles, CA}
}

@book{welzel2013freedom,
  title={Freedom rising},
  author={Welzel, Christian},
  year={2013},
  publisher={Cambridge University Press}
}

@book{sachedina2001islamic,
  title={The Islamic roots of democratic pluralism},
  author={Sachedina, Abdulaziz},
  year={2001},
  publisher={Oxford University Press}
}

@book{hashemi2009islam,
  title={Islam, secularism, and liberal democracy: Toward a democratic theory for Muslim societies},
  author={Hashemi, Nader},
  year={2009},
  publisher={OUP USA}
}

@book{kurzman1998liberal,
  title={Liberal Islam: a source book},
  author={Kurzman, Charles},
  year={1998},
  publisher={Oxford University Press, USA}
}

@book{khorchide2014islam,
  title={Islam is Mercy: Essential Features of a Modern Religion},
  author={Khorchide, Mouhanad and Hartmann, Sarah},
  year={2014},
  publisher={Verlag Herder GmbH}
}

@book{el2014reasoning,
  title={Reasoning with god: Reclaiming Shari ‘ah in the modern age},
  author={El Fadl, Khaled Abou},
  year={2014},
  publisher={Rowman \& Littlefield}
}

@book{naim2008islam,
  title={Islam and the Secular State},
 author={An-Naim, Abdullahi Ahmed},
  year={2008},
  publisher={Harvard University Press}
}


@article{alexander2011islam,
  title={Islam and patriarchy: how robust is Muslim support for patriarchal values?},
  author={Alexander, Amy C and Welzel, Christian},
  journal={International Review of Sociology},
  volume={21},
  number={2},
  pages={249--276},
  year={2011},
  publisher={Taylor \& Francis}
}

@article{fox2016islamism,
  title={Islamism, Secularism and the Woman Question in the Aftermath of the Arab Spring: Evidence from the Arab Barometer},
  author={Fox, Ashley M and Alzwawi, Sana Abdelkarim and Refki, Dina},
  journal={Politics and Governance},
  volume={4},
  number={4},
  pages={40--57},
  year={2016}
}

@article{bratton2003briefing,
  title={Briefing: Islam, democracy and public opinion in Africa},
  author={Bratton, Michael},
  journal={African Affairs},
  volume={102},
  number={408},
  pages={493--501},
  year={2003},
  publisher={JSTOR}
}

@article{fourati2016render,
  title={Render unto Caesar: Taxes, charity, and political Islam},
  author={Fourati, Maleke and Gratton, Gabriele and Grosjean, Pauline A},
  year={2016},
  journal={UNSW Business School Research Paper No. 2016-08},
  note = {Available at SSRN: \url{https://papers.ssrn.com/sol3/papers.cfm?abstract_id=2801892}}
}

@article{rahman2012gender,
  title={Gender equality in Muslim-majority states and Shari’a family law: Is there a link?},
  author={Rahman, Fatima Z},
  journal={Australian Journal of Political Science},
  volume={47},
  number={3},
  pages={347--362},
  year={2012},
  publisher={Taylor \& Francis}
}

@article{angrist2012war,
  title={War, Resisting the West, and Women's Labor: Toward an Understanding of Arab Exceptionalism},
  author={Angrist, Michele},
  journal={Politics \& Gender},
  volume={8},
  number={1},
  pages={51--82},
  year={2012},
  publisher={Cambridge University Press}
}

@book{buruma2005occidentalism,
  title={Occidentalism: The West in the eyes of its enemies},
  author={Buruma, Ian and Margalit, Avishai},
  year={2005},
  publisher={Penguin}
}

@book{gray2010conspiracy,
  title={Conspiracy theories in the Arab world: sources and politics},
  author={Gray, Matthew},
  year={2010},
  publisher={Routledge}
}

@incollection{hofheinz,
  title={Sudan},
  author={Hofheinz, Albrecht},
  booktitle={Anti-Americanism in the Islamic World},
  editor      = {\textmd{Sigrid Faath}},
  publisher   = {London: Hurst and Company},
  pages={54--76},
  year={2006}
}

@incollection{mattes,
  title={The Maghreb States: Libya, Tunisia, Algeria, Morocco},
  author={Mattes, Hanspeter},
  booktitle={Anti-Americanism in the Islamic World},
  editor      = {\textmd{Sigrid Faath}},
  publisher   = {London: Hurst and Company},
  pages={12--34},
  year={2006}
}


@incollection{munzner,
  title={Yemen},
  author={Münzner, Frank},
  booktitle={Anti-Americanism in the Islamic World},
  editor      = {\textmd{Sigrid Faath}},
  publisher   = {London: Hurst and Company},
  pages={106--114},
  year={2006}
}

@incollection{vogt2006jordan,
  title={Jordan, Lebanon, Syria},
  author={Vogt, Ulrich},
  booktitle={Anti-Americanism in the Islamic World},
  editor      = {\textmd{Sigrid Faath}},
  publisher   = {London: Hurst and Company},
  pages={125--164},
  year={2006}
}

@article{munson2003islam,
  title={Islam, nationalism and resentment of foreign domination},
  author={Munson, Henry},
  journal={Middle east policy},
  volume={10},
  number={2},
  pages={40--54},
  year={2003},
  publisher={Wiley Periodicals, Inc.}
}


@book{moghadam2012globalization,
  title={Globalization and social movements: Islamism, feminism, and the global justice movement},
  author={Moghadam, Valentine M},
  year={2012},
  publisher={Rowman \& Littlefield}
}

@article{discourses2008othering,
  title={The Othering of Islam in a European Context},
  author={Creutz-Kämppi, Karin},
  journal={Nordicom review},
  volume={29},
  number={2},
  pages={295--308},
  year={2008}
}


@article{huntington1993clash,
  title={The clash of civilizations?},
  author={Huntington, Samuel P},
  journal={Foreign affairs},
  pages={22--49},
  year={1993},
  publisher={JSTOR}
}

@incollection{mountz,
  title={The Other},
  author={Mountz, Alison},
  editor      = {\textmd{Gallaher, Carolyn and Dahlman, Carl T and Gilmartin, Mary and Mountz, Alison and Shirlow, Peter}},
    booktitle   = {Key Concepts in Political Geography},
     pages={328--338},
    publisher   = {SAGE Publications},
  year={2009}
}


@book{said1979orientalism,
title={Orientalism},
  author={Said, Edward W.},
series={Near eastern studies : Cultural history},
url={https://books.google.de/books?id=mLlu-MCDUnsC},
  year={1979},
  publisher={Vintage Books}
}


@phdthesis{huang2004people,
  title={Why do people support political Islam? A comparative study of eight Muslim societies.},
  author={Huang, Min-Hua},
    Note={University of Michigan},
  year={2004}
}

@article{rubin2003globalization,
  title={Globalization and the Middle East: Part One},
  author={Rubin, Barry},
  journal={YaleGlobal Online},
  volume={16},
  year={2003},
        Note   =   "\url{http://yaleglobal.yale.edu/content/globalization-and-middle-east-part-one}[Accessed: 03.04.2017]"
  
}
http://yaleglobal.yale.edu/content/globalization-and-middle-east-part-one
@article{bartels2016rise,
  title={Rise of the Trumpenvolk: Populism in the 2016 Election},
  author={Bartels, Larry M and Oliver, J Eric and Rahn, Wendy M},
  journal={The Annals of the American Academy of Political and Social Science},
  volume={667},
  number={1},
  pages={189--206},
  year={2016},
  publisher={SAGE Publications Sage CA: Los Angeles, CA}
}

@article{foer2006talented,
  title={The Talented Mr. Ch{\'a}vez},
  author={Foer, Franklin},
  journal={Atlantic Monthly},
  volume={297},
  number={4},
  pages={94--105},
  year={2006},
  publisher={ATLANTIC MONTHLY GROUP}
}

@article{haidt2016and,
  title={When and why nationalism beats globalism},
  author={Haidt, Jonathan},
  journal={Policy: A Journal of Public Policy and Ideas},
  volume={32},
  number={3},
  pages={46--53},
  year={2016},
  publisher={Centre for Independent Studies}
}

@book{toth2013sayyid,
  title={Sayyid Qutb: The life and legacy of a radical Islamic intellectual},
  author={Toth, James},
  year={2013},
  publisher={Oxford University Press}
}

@article{paz2003islamists,
  title={Islamists and anti-Americanism},
  author={Paz, Reuven},
  journal={Middle East Review of International Affairs},
  volume={7},
  number={4},
  pages={53--61},
  year={2003}
}

@article{el2006globalization,
  title={Globalization, international finance, and political Islam in the Arab world},
  author={El-Said, Hamed and Harrigan, Jane},
  journal={The Middle East Journal},
  volume={60},
  number={3},
  pages={444--466},
  year={2006},
  publisher={Middle East Institute}
}

@book{ayubi2003political,
  title={Political Islam: religion and politics in the Arab world},
  author={Ayubi, Nazih},
  year={1993},
  publisher={Routledge}
}

@book{mahmood2011politics,
  title={Politics of piety: The Islamic revival and the feminist subject},
  author={Mahmood, Saba},
  year={2011},
  publisher={Princeton University Press}
}

@incollection{markovits2007anti,
  title={The Anti-Americanism Mindset},
  author={Markovits, Andrei},
  editor      = {\textmd{O'Connor, Brendon, and Martin Griffiths}},
    booktitle   = {Anti-Americanism: History, Causes, and Themes},
     pages={23--40},
  volume={4},
    publisher   = {Oxford: Greenwood World Publishing},
  year={2007}
}

@article{fuller2002future,
  title={The future of political Islam},
  author={Fuller, Graham E},
  journal={Foreign affairs},
  pages={48--60},
  year={2002},
  publisher={JSTOR}
}

@article{mazrui2005liberal,
  title={Liberal Islam versus moderate Islam: elusive moderates and the siege mentality},
  author={Mazrui, Ali A},
  journal={American Journal of Islamic Social Sciences},
  volume={22},
  number={3},
  pages={83--89},
  year={2005},
  publisher={ASSOCIATION OF MUSLIM SOCIAL SCIENTISTS}
}

@article{tessler2007leads,
  title={What leads some ordinary Arab men and women to approve of terrorist acts against the United States?},
  author={Tessler, Mark and Robbins, Michael DH},
  journal={Journal of Conflict Resolution},
  volume={51},
  number={2},
  pages={305--328},
  year={2007},
  publisher={Los Angeles, CA: Sage Publications Sage CA}
}

@book{levine2013they,
  title={Why they don't hate us: lifting the veil on the axis of evil},
  author={LeVine, Mark},
  year={2013},
  publisher={Oneworld Publications}
}

@article{chiozza2007disaggregating,
  title={Disaggregating anti-Americanism: An analysis of individual attitudes toward the United States},
  author={Chiozza, Giacomo},
  journal={Anti-Americanisms in world politics},
  pages={93--126},
  year={2007},
  publisher={Cornell University Press Ithaca, NY}
}

@article{dana2017anti,
  title={Anti-Western feelings in the Arab world and the role of exposure to the West: rethinking connections through public opinion},
  author={Dana, Karam},
  journal={Territory, Politics, Governance},
  pages={1--20},
  year={2017},
  publisher={Taylor \& Francis}
}

@article{abdallah2003causes,
  title={Causes of anti-Americanism in the Arab world: A socio-political perspective},
  author={Abdallah, Abdel Mahdi},
  journal={Middle East Review of International Affairs},
  volume={7},
  number={4},
  pages={62--73},
  year={2003}
}

@article{corstange2014anti,
  title={Anti-American Behavior in the Middle East},
  author={Corstange, Daniel},
  year={2014},
  note = {Available at SSRN: \url{https://papers.ssrn.com/sol3/papers.cfm?abstract_id=2444102}}
}

@article{blaydes2012elite,
  title={Elite competition, religiosity, and anti-Americanism in the Islamic world},
  author={Blaydes, Lisa and Linzer, Drew A},
  journal={American Political Science Review},
  volume={106},
  number={2},
  pages={225--243},
  year={2012},
  publisher={Cambridge Univ Press}
}

@article{karakocc2012religion,
  title={Religion in politics: How does inequality affect public secularization?},
  author={Karako{\c{c}}, Ekrem and Ba{\c{s}}kan, Birol},
  journal={Comparative Political Studies},
  volume={45},
  number={12},
  pages={1510--1541},
  year={2012},
  publisher={SAGE Publications Sage CA: Los Angeles, CA}
}

@book{esposito2007speaks,
  title={Who speaks for Islam?: What a billion Muslims really think},
  author={Esposito, John L and Mogahed, Dalia},
  year={2007},
  publisher={Simon and Schuster}
}

@article{ciftci2013secular,
  title={Secular-Islamist cleavage, values, and support for democracy and shari’a in the Arab world},
  author={Ciftci, Sabri},
  journal={Political Research Quarterly},
  volume={66},
  number={4},
  pages={781--793},
  year={2013},
  publisher={SAGE Publications Sage CA: Los Angeles, CA}
}

@article{johnson2014extension,
  title={Extension of Nakagawa \& Schielzeth's R2GLMM to random slopes models},
  author={Johnson, Paul CD},
  journal={Methods in Ecology and Evolution},
  volume={5},
  number={9},
  pages={944--946},
  year={2014},
  publisher={Wiley Online Library}
}

@article{nakagawa2013general,
  title={A general and simple method for obtaining R2 from generalized linear mixed-effects models},
  author={Nakagawa, Shinichi and Schielzeth, Holger},
  journal={Methods in Ecology and Evolution},
  volume={4},
  number={2},
  pages={133--142},
  year={2013},
  publisher={Wiley Online Library}
}

@book{raudenbush2002hierarchical,
  title={Hierarchical linear models: Applications and data analysis methods},
  author={Raudenbush, Stephen W and Bryk, Anthony S},
  volume={1},
  year={2002},
  publisher={Sage}
}

@article{enders2007centering,
  title={Centering predictor variables in cross-sectional multilevel models: a new look at an old issue.},
  author={Enders, Craig K. and Tofighi, Davood},
  journal={Psychological methods},
  volume={12},
  number={2},
  pages={121--138},
  year={2007},
  publisher={American Psychological Association}
}

@article{kelley2017group,
  title={Group-mean-centering independent variables in multi-level models is dangerous},
  author={Kelley, Jonathan and Evans, MDR and Lowman, Jennifer and Lykes, Valerie},
  journal={Quality \& Quantity},
  volume={51},
  number={1},
  pages={261--283},
  year={2017},
  publisher={Springer}
}

@article{norris2011muslim1,
  title={Muslim support for secular democracy},
  author={Norris, Pippa},
  journal={Muslim Secular Democracy},
  pages={113-140},
  year={2011},
  publisher={Springer}
}

@incollection{norris2011muslim,
  author      = {Norris, Pippa},
  title       = {Muslim support for secular democracy},
  editor      = "\textmd{Rahim, Lily Zubaidah}",
  booktitle   = {Muslim Secular Democracy},
  publisher   = {Springer},
 pages={113--140},
  year={2013},
}

@book{norris2011sacred,
  title={Sacred and secular: Religion and politics worldwide},
  author={Norris, Pippa and Inglehart, Ronald},
  year={2011},
  publisher={Cambridge University Press}
}

@article{berger1997epistemological,
  title={Epistemological modesty: an interview with Peter Berger},
  author={Berger, Peter},
  journal={Christian Century},
  volume={114},
  number={30},
  pages={972--978},
  year={1997}
}

@book{berger1967the,
  title={The Sacred Canopy: Elements of a sociological theory of religion},
  author={Berger, Peter},
  year={1967},
  publisher={Garden City, NY: Anchor Doubleday}
}

@book{luckmann1967invisible,
  title={The invisible religion: The problem of religion in modern society},
  author={Luckmann, Thomas},
  year={1967},
  publisher={Macmillan}
}

@book{weber2004vocation,
  title={The vocation lectures},
  author={Weber, Max},
  Note={Translated by: Owen, David S and Strong, Tracy B},
  year={2004[1917]},
  publisher={Hackett Publishing}
}

@article{casanova2006rethinking,
  title={Rethinking secularization: A global comparative perspective},
  author={Casanova, Jos{\'e}},
  journal={Hedgehog Review},
  volume={8},
  number={1/2},
  pages={7--22},
  year={2006},
}

@incollection{demerath2007secularization,
  author      = {Demerath III, Nicholas J},
  title       = {Secularization and sacralization deconstructed and reconstructed},
  editor      = "\textmd{Beckford, James A and Demerath, Jay}",
  booktitle   = {The SAGE handbook of the sociology of religion},
  publisher   = {Sage},
 pages={27--80},
  year={2007},
}


@article{demerath2007secularization1,
  title={Secularization and sacralization deconstructed and reconstructed},
  author={Demerath III, Nicholas J},
  journal={The SAGE handbook of the sociology of religion},
  pages={27--80},
  year={2007},
  publisher={Sage}
}

@book{beckford2007sage,
  title={The SAGE handbook of the sociology of religion},
  author={Beckford, James A and Demerath, Jay},
  year={2007},
  publisher={Sage}
}

@book{fuller2003future,
  title={The future of political Islam},
  author={Fuller, Graham E},
  booktitle={The Future of Political Islam},
  pages={193--213},
  year={2003},
  publisher={Springer}
}

@article{abootalebi1999islam,
  title={Islam, Islamists and Democracy},
  author={Abootalebi, Ali R},
  journal={Middle East Review of International Affairs},
  volume={3},
  number={1},
  pages={14--24},
  year={1999}
}

@article{soage2009introduction,
  title={Introduction to Political Islam},
  author={Soage, Ana Bel{\'e}n},
  journal={Religion Compass},
  volume={3},
  number={5},
  pages={887--896},
  year={2009},
  publisher={Wiley Online Library}
}

@book{quṭb1996sayyid,
  title={Sayyid Qutb and Islamic Activism: A Translation and Critical Analysis of Social Justice in Islam},
  author={Shepard, William E},
  volume={54},
  year={1996},
  publisher={Brill Academic Pub}
}

@misc{dar2016islamism,
  title={Islamism, Salafism, and Jihadism: A Primer},
  author={Dar, Rashid and Hamid, Shadi},
  year={2016},
  journal={Brookings Institute},
        Note   =   "\url{https://www.brookings.edu/blog/markaz/2016/07/15/islamism-salafism-and-jihadism-a-primer/}[Accessed: 02.04.2017]"
}

@article{march2015political,
  title={Political Islam: Theory},
  author={March, Andrew F},
  journal={Annual Review of Political Science},
  volume={18},
  pages={103--123},
  year={2015},
  publisher={Annual Reviews}
}

@book{tibi2012islamism,
  title={Islamism and Islam},
  author={Tibi, Bassam},
  year={2012},
  publisher={Yale University Press New Haven, CT}
}

@article{denoeux2002forgotten,
  title={The forgotten swamp: navigating political Islam},
  author={Denoeux, Guilain},
  journal={Middle East Policy},
  volume={9},
  number={2},
  pages={56},
  year={2002},
  publisher={Middle East Policy Council}
}

@book{roy2007columbia,
  title={The Columbia world dictionary of Islamism},
  author={Roy, Olivier and Sfeir, Antoine},
  year={2007},
  publisher={Columbia University Press}
}


@article{stegmueller2013many,
  title={How many countries for multilevel modeling? A comparison of frequentist and Bayesian approaches},
  author={Stegmueller, Daniel},
  journal={American Journal of Political Science},
  volume={57},
  number={3},
  pages={748--761},
  year={2013},
  publisher={Wiley Online Library}
}


@article{natinterest,
  title={Why Obama and Trump Are Both Wrong About Islam},
  author={Herf, Jeffrey},
  journal={National Interest, February},
  year={2017},
        Note   =   "\url{http://nationalinterest.org/blog/the-buzz/why-obama-trump-are-both-wrong-about-islam-19378}[Accessed: 02.04.2017]"
}

@misc{maajid,
      author = "\textrm{Sunday Morning Herald}",
      title = "We need to talk about Islam, says former radical Maajid Nawaz",
      month = "December",
      year = "2015",
 journal = {Sunday Morning Herald},
      Note   =   "\url{http://www.smh.com.au/national/we-need-to-talk-about-islam-says-former-radical-maajid-nawaz-20151217-glqkhj.html}[Accessed: 02.04.2017]"
}

@article{pfahl2007islamismuskompatibilitat,
  title={Die Islamismuskompatibilit{\"a}t des Islam},
  author={Pfahl-Traughber, Armin},
  journal={Aufkl{\"a}rung und Kritik. Sonderheft},
  volume={13},
  pages={62--78},
  year={2007}
}

@incollection{rahim2013spirit,
  author      = {Rahim, Lily Zubaidah},
  title       = {The Spirit of Wasatiyyah democracy},
  editor      = "\textmd{Rahim, Lily Zubaidah}",
  booktitle   = {Muslim secular democracy: Voices from within},
 pages={1--27},
  year={2013},
  publisher={Springer}
}


@incollection{rauf2010islamism,
  author      = {Rauf, Feisal Abdul},
  title       = {Why Islamism should be renamed},
  editor      = "\textmd{Martin, Richard and Barzegar, Abbas}",
  booktitle   = {Islamism: Contested perspectives on political Islam},
  publisher   = {Stanford University Press},
  address     = {Stanford},
  year        = {2010},
  pages       = {116--124}
}


@book{gellner1983muslim,
  title={Muslim society},
  author={Gellner, Ernest},
  year={1983},
  publisher={Cambridge University Press}
}

@article{jan2006wikipedia,
  title={Wikipedia: Good Intentions, Horrible Consequences},
  author={Jan, Abid Uallah},
  journal={Al-Jazeerah, February},
  volume={27},
  year={2006}
}

@article{spierings2014islamic,
  title={Islamic attitudes and the support for Gender Equality and Democracy in Seven Arab Countries, and the role of anti-Western feelings},
  author={Spierings, Niels},
  journal={Multidisciplinary Journal of Gender Studies},
  volume={3},
  number={2},
  pages={423--456},
  year={2014}
}

@article{kurzman2010muslims,
  title={Do Muslims Vote Islamic?},
  author={Kurzman, Charles and Naqvi, Ijlal},
  journal={Journal of Democracy},
  volume={21},
  number={2},
  pages={50--63},
  year={2010},
  publisher={The Johns Hopkins University Press}
}

@article{kurzman2015muslims,
  title={Do Muslims vote Islamic now?},
  author={Kurzman, Charles and T{\"u}rko{\u{g}}lu, Didem},
  journal={Journal of Democracy},
  volume={26},
  number={4},
  pages={100--109},
  year={2015},
  publisher={The Johns Hopkins University Press}
}

@book{tessler2015islam,
  title={Islam and Politics in the Middle East: Explaining the Views of Ordinary Citizens},
  author={Tessler, Mark},
  year={2015},
  publisher={Indiana University Press}
}

@article{totten2012arab,
  title={Arab {S}pring or {I}slamist {W}inter? {T}hree views},
  author={Totten, Michael J and Schenker, David and Abdul-Hussain, Hussain},
  journal={World Affairs},
  volume={174},
  number={5},
  pages={ 23--43},
  year={2012},
  publisher={Policy Studies Organization}
}

@article{arafa2015whither,
  title={Whither {E}gypt? {A}gainst {R}eligious {F}ascism and {L}egal {A}uthoritarianism: {P}ure {R}evolution, {P}opular {C}oup, or a {M}ilitary {C}oup {D}’{\'{E}}tat?},
  author={Arafa, Mohamed A},
    year={2015},
  journal={Indiana International $\&$ Comparative Law Review},
 volume={24},
  number={4},
  pages={ 859--897},
  note = {Available at SSRN: https://ssrn.com/abstract=2547327}
}

@book{hamid2016islamic,
  title={Islamic Exceptionalism: How the Struggle over Islam Is Reshaping the World},
  author={Hamid, Shadi},
  year={2016},
  publisher={St. Martin's Press}
}

@article{robbins2009accounts,
  title={What Accounts for Popular Support for Islamist Parties in the Arab World? Evidence from the Arab Barometer.},
  author={Robbins, Michael},
  year={2009},
  journal= {APSA 2009 Toronto Meeting Paper},
  note = {Available at SSRN: \url{https://papers.ssrn.com/sol3/papers.cfm?abstract_id=1451117}}
}

@article{robbins2015people,
  title={People Still Want Democracy},
  author={Robbins, Michael},
  journal={Journal of Democracy},
  volume={26},
  number={4},
  pages={80--89},
  year={2015},
  publisher={The Johns Hopkins University Press}
}

@article{jawad2013democracy,
  title={Democracy in Modern Islamic Thought},
  author={Jawad, Nazek},
  journal={British Journal of Middle Eastern Studies},
  volume={40},
  number={3},
  pages={324--339},
  year={2013},
  publisher={Taylor \& Francis}
}

@article{nafissi2005reformation,
  title={Reformation, Islam, and democracy: Evolutionary and antievolutionary reform in Abrahamic religions},
  author={Nafissi, Mohammad},
  journal={Comparative Studies of South Asia, Africa and the Middle East},
  volume={25},
  number={2},
  pages={407--437},
  year={2005},
  publisher={Duke University Press}
}
